%! Author = kid-a
%! Date = 9/30/25

